Referencias para trabajo terminal

@book{IEEEreferencias:Ref1,
  author = "Autor del libro 1",
  title = "Título del libro 1",
  publisher = "Editorial 1",
  year = "2014",
  url = "http://direccion.com.mx"
}


@book{IEEEreferencias:Ref2,
  author = "Autor del libro 2",
  title = "Título del libro 2",
  publisher = "Editorial 2",
  year = "2014",
  url = "http://direccion2.com.mx"
}

@book{IEEEreferencias:Ref3,
  author = "Raymond A. Serway",
  title = "Física para ciencias e ingeniería",
  publisher = "CENGAGE",
  year = "2014",
  url = "http://direccion2.com.mx"
}
